
@article{spradlingStemCellsFind2001,
	title = {Stem cells find their niche},
	author = {{Spradling}, {Allan} and {Drummond-Barbosa}, {Daniela} and {Kai}, {Toshie}},
	year = {2001},
	month = {11},
	date = {2001-11},
	journal = {Nature},
	pages = {98--104},
	volume = {414},
	number = {6859},
	doi = {10.1038/35102160},
	url = {http://www.nature.com/articles/35102160},
	note = {Citation Key: spradlingStemCellsFind2001}
}

@article{moore2006,
	title = {Stem Cells and Their Niches},
	author = {{Moore}, {Kateri A.} and {Lemischka}, {Ihor R.}},
	year = {2006},
	month = {03},
	date = {2006-03-31},
	journal = {Science},
	doi = {10.1126/science.1110542},
	url = {https://www.science.org/doi/abs/10.1126/science.1110542},
	note = {Publisher: American Association for the Advancement of Science},
	langid = {EN}
}

@article{cinalli2008,
	title = {Germ Cells Are Forever},
	author = {{Cinalli}, {Ryan M.} and {Rangan}, {Prashanth} and {Lehmann}, {Ruth}},
	year = {2008},
	month = {02},
	date = {2008-02-22},
	journal = {Cell},
	pages = {559--562},
	volume = {132},
	number = {4},
	doi = {https://doi.org/10.1016/j.cell.2008.02.003},
	url = {http://www.sciencedirect.com/science/article/pii/S009286740800202X},
	note = {Publisher: Cell Press
Citation Key: Cinalli2008d}
}

@article{spradlingStemCellsFind2001a,
	title = {Stem cells find their niche},
	author = {{Spradling}, {Allan} and {Drummond-Barbosa}, {Daniela} and {Kai}, {Toshie}},
	year = {2001},
	month = {11},
	date = {2001-11},
	journal = {Nature},
	pages = {98--104},
	volume = {414},
	number = {6859},
	doi = {10.1038/35102160},
	url = {http://www.nature.com/articles/35102160},
	note = {Citation Key: spradlingStemCellsFind2001}
}

@article{spradlingStemCellsFind2001a,
	title = {Stem cells find their niche},
	author = {{Spradling}, {Allan} and {Drummond-Barbosa}, {Daniela} and {Kai}, {Toshie}},
	year = {2001},
	month = {11},
	date = {2001-11},
	journal = {Nature},
	pages = {98--104},
	volume = {414},
	number = {6859},
	doi = {10.1038/35102160},
	url = {http://www.nature.com/articles/35102160},
	note = {Citation Key: spradlingStemCellsFind2001}
}

@article{mccarthyMSL3PromotesGermline2021,
	title = {MSL3 promotes germline stem cell differentiation in female Drosophila},
	author = {{McCarthy}, {Alicia} and {Sarkar}, {Kahini} and {Martin}, {Elliot T.} and {Upadhyay}, {Maitreyi} and {Jang}, {Seoyeon} and {Williams}, {Nathan D.} and {Forni}, {Paolo E.} and {Buszczak}, {Michael} and {Rangan}, {Prashanth}},
	year = {2021},
	month = {12},
	date = {2021-12-08},
	journal = {Development},
	pages = {dev.199625},
	doi = {10.1242/dev.199625},
	url = {https://doi.org/10.1242/dev.199625},
	note = {Citation Key: mccarthyMSL3PromotesGermline2021}
}

@techreport{sarkarFeedbackLoopHeterochromatin2021,
	title = {A feedback loop between heterochromatin and the nucleopore complex controls germ-cell to oocyte transition during Drosophila oogenesis},
	author = {{Sarkar}, {Kahini} and {Kotb}, {Noor M.} and {Lemus}, {Alex} and {Martin}, {Elliot T.} and {McCarthy}, {Alicia} and {Camacho}, {Justin} and {Iqbal}, {Ayman} and {Valm}, {Alex M.} and {Sammons}, {Morgan A.} and {Rangan}, {Prashanth}},
	year = {2021},
	month = {11},
	date = {2021-11-02},
	pages = {2021.10.31.466575},
	url = {https://www.biorxiv.org/content/10.1101/2021.10.31.466575v1},
	note = {Company: Cold Spring Harbor Laboratory
DOI: 10.1101/2021.10.31.466575
Distributor: Cold Spring Harbor Laboratory
Label: Cold Spring Harbor Laboratory
Section: New Results
Type: article
Citation Key: sarkarFeedbackLoopHeterochromatin2021},
	langid = {en}
}

@article{blatt2020,
	title = {RNA degradation sculpts the maternal transcriptome during Drosophila oogenesis},
	author = {{Blatt}, {Patrick} and {Wong-Deyrup}, {Siu Wah} and {McCarthy}, {Alicia} and {Breznak}, {Shane} and {Hurton}, {Matthew D.} and {Upadhyay}, {Maitreyi} and {Bennink}, {Benjamin} and {Camacho}, {Justin} and {Lee}, {Miler T.} and {Rangan}, {Prashanth}},
	year = {2020},
	month = {07},
	date = {2020-07-02},
	journal = {bioRxiv},
	pages = {2020.06.30.179986},
	doi = {10.1101/2020.06.30.179986},
	url = {https://www.biorxiv.org/content/10.1101/2020.06.30.179986v1},
	note = {Publisher: Cold Spring Harbor Laboratory
Section: New Results
Citation Key: blattRNADegradationSculpts2020},
	langid = {en}
}

@inbook{blattPosttranscriptionalGeneRegulation2020,
	title = {Post-transcriptional gene regulation regulates germline stem cell to oocyte transition during Drosophila oogenesis},
	author = {{Blatt}, {Patrick} and {Martin}, {Elliot T.} and {Breznak}, {Shane M.} and {Rangan}, {Prashanth}},
	year = {2020},
	date = {2020},
	publisher = {Academic},
	pages = {3--34},
	volume = {140},
	url = {https://linkinghub.elsevier.com/retrieve/pii/S007021531930078X},
	note = {Citation Key: blattPosttranscriptionalGeneRegulation2020
tex.ids= blatt2019post
DOI: 10.1016/bs.ctdb.2019.10.003
publisher: Academic Press},
	langid = {en}
}

@article{Flora2018k,
	title = {Sequential Regulation of Maternal mRNAs through a Conserved cis-Acting Element in Their 3' UTRs},
	author = {{Flora}, {Pooja} and {Wong-Deyrup}, {Siu Wah} and {Martin}, {Elliot Todd} and {Palumbo}, {Ryan J} and {Nasrallah}, {Mohamad} and {Oligney}, {Andrew} and {Blatt}, {Patrick} and {Patel}, {Dhruv} and {Fuchs}, {Gabriele} and {Rangan}, {Prashanth}},
	year = {2018},
	month = {12},
	date = {2018-12-26},
	journal = {Cell reports},
	pages = {3828--3843.e9},
	volume = {25},
	number = {13},
	doi = {10.1016/j.celrep.2018.12.007},
	url = {https://www.ncbi.nlm.nih.gov/pubmed/30590052},
	note = {Publisher: Elsevier
Citation Key: Flora2018k},
	langid = {eng}
}

@article{seydoux2006,
	title = {Pathway to Totipotency: Lessons from Germ Cells},
	author = {{Seydoux}, {Geraldine} and {Braun}, {Robert E.}},
	year = {2006},
	month = {12},
	date = {2006-12-01},
	journal = {Cell},
	pages = {891--904},
	volume = {127},
	number = {5},
	doi = {10.1016/j.cell.2006.11.016},
	url = {https://www.sciencedirect.com/science/article/pii/S0092867406014723},
	note = {PMID: 17129777
Publisher: Cell Press
Citation Key: Seydoux2006
ISBN: 0092-8674 (Print)\r0092-8674 (Linking)}
}

@inbook{flora2017,
	title = {Role of Chromatin Modifications in Drosophila Germline Stem Cell Differentiation},
	author = {{Flora}, {Pooja} and {McCarthy}, {Alicia} and {Upadhyay}, {Maitreyi} and {Rangan}, {Prashanth}},
	editor = {{Arur}, {Swathi}},
	year = {2017},
	date = {2017},
	publisher = {Springer International Publishing},
	pages = {1--30},
	series = {Results and Problems in Cell Differentiation},
	doi = {10.1007/978-3-319-44820-6_1},
	url = {https://doi.org/10.1007/978-3-319-44820-6_1},
	note = {DOI: 10.1007/978-3-319-44820-6{\_}1},
	address = {Cham},
	langid = {en}
}

@article{schupbachGermLineSoma1987,
	title = {Germ line and soma cooperate during oogenesis to establish the dorsoventral pattern of egg shell and embryo in Drosophila melanogaster},
	author = {{Sch√ºpbach}, {Trudi}},
	year = {1987},
	month = {06},
	date = {1987-06-05},
	journal = {Cell},
	pages = {699--707},
	volume = {49},
	number = {5},
	doi = {10.1016/0092-8674(87)90546-0},
	url = {https://www.cell.com/cell/abstract/0092-8674(87)90546-0},
	note = {Publisher: Elsevier
PMID: 3107840
Citation Key: schupbachGermLineSoma1987},
	langid = {English}
}

@article{rothDrosophilaOogenesisCoordinating2001,
	title = {Drosophila oogenesis: Coordinating germ line and soma},
	author = {{Roth}, {Siegfried}},
	year = {2001},
	month = {10},
	date = {2001-10-02},
	journal = {Current Biology},
	pages = {R779--R781},
	volume = {11},
	number = {19},
	doi = {10.1016/S0960-9822(01)00469-9},
	url = {https://www.cell.com/current-biology/abstract/S0960-9822(01)00469-9},
	note = {Publisher: Elsevier
Citation Key: rothDrosophilaOogenesisCoordinating2001},
	langid = {English}
}

@article{Xie2000b,
	title = {A Niche Maintaining Germ Line Stem Cells in the Drosophila Ovary},
	author = {{Xie}, {Ting} and {Spradling}, {Allan C}},
	year = {2000},
	month = {10},
	date = {2000-10-13},
	journal = {Science},
	pages = {328--330},
	volume = {290},
	number = {5490},
	doi = {10.1126/science.290.5490.328},
	url = {http://science.sciencemag.org/content/290/5490/328.abstract},
	note = {Citation Key: Xie2000b
tex.ids= Xie2000
ISBN: 0036-8075 (Print)\n0036-8075 (Linking)
PMID: 11030649}
}

@article{morrisonStemCellsNiches2008,
	title = {Stem Cells and Niches: Mechanisms That Promote Stem Cell Maintenance throughout Life},
	author = {{Morrison}, {Sean J.} and {Spradling}, {Allan C.}},
	year = {2008},
	month = {02},
	date = {2008-02-22},
	journal = {Cell},
	pages = {598--611},
	volume = {132},
	number = {4},
	doi = {10.1016/j.cell.2008.01.038},
	url = {http://www.ncbi.nlm.nih.gov/pubmed/18295578},
	note = {PMID: 18295578
Citation Key: morrisonStemCellsNiches2008}
}

@article{spradlingStemCellsFind2001,
	title = {Stem cells find their niche},
	author = {{Spradling}, {Allan} and {Drummond-Barbosa}, {Daniela} and {Kai}, {Toshie}},
	year = {2001},
	month = {11},
	date = {2001-11},
	journal = {Nature},
	pages = {98--104},
	volume = {414},
	number = {6859},
	doi = {10.1038/35102160},
	url = {http://www.nature.com/articles/35102160},
	note = {Citation Key: spradlingStemCellsFind2001}
}

@article{Schupbach1989c,
	title = {Female sterile mutations on the second chromosome of Drosophila melanogaster. I.  Maternal effect mutations.},
	author = {{Schupbach}, {T} and {Wieschaus}, {E}},
	year = {1989},
	month = {01},
	date = {1989-01},
	journal = {Genetics},
	pages = {101--117},
	volume = {121},
	number = {1},
	note = {Citation Key: Schupbach1989c
tex.ids= schupbachFemaleSterileMutations1989
tex.address: United States
PMID: 2492966
place: United States},
	langid = {English}
}

@article{rothDrosophilaOogenesisCoordinating2001a,
	title = {Drosophila oogenesis: Coordinating germ line and soma},
	author = {{Roth}, {Siegfried}},
	year = {2001},
	month = {10},
	date = {2001-10-02},
	journal = {Current Biology},
	pages = {R779--R781},
	volume = {11},
	number = {19},
	doi = {10.1016/S0960-9822(01)00469-9},
	url = {https://www.cell.com/current-biology/abstract/S0960-9822(01)00469-9},
	note = {Publisher: Elsevier
Citation Key: rothDrosophilaOogenesisCoordinating2001},
	langid = {English}
}

@article{Xie2000ba,
	title = {A Niche Maintaining Germ Line Stem Cells in the Drosophila Ovary},
	author = {{Xie}, {Ting} and {Spradling}, {Allan C}},
	year = {2000},
	month = {10},
	date = {2000-10-13},
	journal = {Science},
	pages = {328--330},
	volume = {290},
	number = {5490},
	doi = {10.1126/science.290.5490.328},
	url = {http://science.sciencemag.org/content/290/5490/328.abstract},
	note = {Citation Key: Xie2000b
tex.ids= Xie2000
ISBN: 0036-8075 (Print)\n0036-8075 (Linking)
PMID: 11030649}
}

@article{eliazer2011,
	title = {Finding a niche: studies from the Drosophila ovary},
	author = {{Eliazer}, {Susan} and {Buszczak}, {Michael}},
	year = {2011},
	month = {11},
	date = {2011-11-25},
	journal = {Stem Cell Research & Therapy},
	pages = {45},
	volume = {2},
	number = {6},
	doi = {10.1186/scrt86},
	url = {https://doi.org/10.1186/scrt86}
}

@article{McKearin1995b,
	title = {A role for the Drosophila bag-of-marbles protein in the differentiation of cystoblasts from germline stem cells},
	author = {{McKearin}, {D} and {Ohlstein}, {B}},
	year = {1995},
	month = {09},
	date = {1995-09-01},
	journal = {Development},
	pages = {2937 LP  --2947},
	volume = {121},
	number = {9},
	url = {http://dev.biologists.org/content/121/9/2937.abstract},
	note = {PMID: 7555720
Citation Key: McKearin1995b
ISBN: 0950-1991}
}

@article{chen2003,
	title = {A discrete transcriptional silencer in the bam gene determines asymmetric division of the Drosophila germline stem cell},
	author = {{Chen}, {Dahua} and {McKearin}, {Dennis M}},
	year = {2003},
	month = {03},
	date = {2003-03-15},
	journal = {Development},
	pages = {1159--1170},
	volume = {130},
	number = {6},
	doi = {10.1242/dev.00325},
	url = {http://dev.biologists.org/content/130/6/1159.abstract},
	note = {Publisher: The Company of Biologists Ltd
Citation Key: Chen2003q}
}

@article{Xie1998d,
	title = {decapentaplegic Is Essential for the Maintenance and Division of Germline Stem Cells in the Drosophila Ovary},
	author = {{Xie}, {Ting} and {Spradling}, {Allan C}},
	year = {1998},
	date = {1998},
	journal = {Cell},
	pages = {251--260},
	volume = {94},
	number = {2},
	doi = {https://doi.org/10.1016/S0092-8674(00)81424-5},
	url = {http://www.sciencedirect.com/science/article/pii/S0092867400814245},
	note = {Publisher: Elsevier
Citation Key: Xie1998d}
}

@article{chen2003a,
	title = {Dpp Signaling Silences bam Transcription Directly to Establish Asymmetric Divisions of Germline Stem Cells},
	author = {{Chen}, {Dahua} and {McKearin}, {Dennis}},
	year = {2003},
	month = {10},
	date = {2003-10-14},
	journal = {Current Biology},
	pages = {1786--1791},
	volume = {13},
	number = {20},
	doi = {10.1016/J.CUB.2003.09.033},
	url = {https://www.sciencedirect.com/science/article/pii/S0960982203007024},
	note = {Publisher: Cell Press
Citation Key: Chen2003o}
}

@article{McKearin1995ba,
	title = {A role for the Drosophila bag-of-marbles protein in the differentiation of cystoblasts from germline stem cells},
	author = {{McKearin}, {D} and {Ohlstein}, {B}},
	year = {1995},
	month = {09},
	date = {1995-09-01},
	journal = {Development},
	pages = {2937 LP  --2947},
	volume = {121},
	number = {9},
	url = {http://dev.biologists.org/content/121/9/2937.abstract},
	note = {PMID: 7555720
Citation Key: McKearin1995b
ISBN: 0950-1991}
}

@article{McKearin1995bb,
	title = {A role for the Drosophila bag-of-marbles protein in the differentiation of cystoblasts from germline stem cells},
	author = {{McKearin}, {D} and {Ohlstein}, {B}},
	year = {1995},
	month = {09},
	date = {1995-09-01},
	journal = {Development},
	pages = {2937 LP  --2947},
	volume = {121},
	number = {9},
	url = {http://dev.biologists.org/content/121/9/2937.abstract},
	note = {PMID: 7555720
Citation Key: McKearin1995b
ISBN: 0950-1991}
}

@article{McKearin1990e,
	title = {bag-of-marbles: a Drosophila gene required to initiate both male and female gametogenesis.},
	author = {{McKearin}, {D M} and {Spradling}, {A C}},
	year = {1990},
	month = {12},
	date = {1990-12-01},
	journal = {Genes & Development},
	pages = {2242--2251},
	volume = {4},
	number = {12b},
	doi = {10.1101/gad.4.12b.2242},
	url = {http://genesdev.cshlp.org/content/4/12b/2242.abstract},
	note = {PMID: 2279698
Citation Key: McKearin1990e}
}

@article{navarro2001,
	title = {Oogenesis: Setting one sister above the rest},
	author = {{Navarro}, {Caryn} and {Lehmann}, {Ruth} and {Morris}, {Jason}},
	year = {2001},
	month = {03},
	date = {2001-03-06},
	journal = {Current Biology},
	pages = {R162--R165},
	volume = {11},
	number = {5},
	doi = {10.1016/S0960-9822(01)00083-5},
	url = {https://www.sciencedirect.com/science/article/pii/S0960982201000835},
	note = {tex.ids= navarroOogenesisSettingOne2001a
Citation Key: navarroOogenesisSettingOne2001},
	langid = {en}
}

@article{Spradling1997e,
	title = {The Drosophila Germarium: Stem Cells, Germ Line Cysts, and Oocytes},
	author = {{Spradling}, {A C} and {De Cuevas}, {M} and {Drummond-Barbosa}, {D} and {Keyes}, {L} and {Lilly}, {M} and {Pepling}, {M} and {Xie}, {T.}},
	year = {1997},
	month = {01},
	date = {1997-01-01},
	journal = {Cold Spring Harbor Symposia on Quantitative Biology},
	pages = {25--34},
	volume = {62},
	doi = {10.1101/SQB.1997.062.01.006},
	url = {http://symposium.cshlp.org/content/62/25.short},
	note = {Citation Key: Spradling1997e}
}

@article{Navarro2004b,
	title = {Egalitarian binds dynein light chain to establish oocyte polarity and maintain oocyte fate},
	author = {{Navarro}, {Caryn} and {Puthalakath}, {Hamsa} and {Adams}, {Jerry M} and {Strasser}, {Andreas} and {Lehmann}, {Ruth}},
	year = {2004},
	date = {2004},
	journal = {Nature Cell Biology},
	pages = {427--435},
	volume = {6},
	number = {5},
	doi = {10.1038/ncb1122},
	url = {https://doi.org/10.1038/ncb1122},
	note = {Citation Key: Navarro2004b}
}

@article{huynhRoleBicDEgl2000,
	title = {The role of BicD, egl, orb and the microtubules in the restriction of meiosis to the Drosophila oocyte},
	author = {{Huynh}, {J.} and {St Johnston}, {D.}},
	year = {2000},
	month = {07},
	date = {2000-07-01},
	journal = {Development},
	pages = {2785--2794},
	volume = {127},
	number = {13},
	doi = {10.1242/dev.127.13.2785},
	url = {https://doi.org/10.1242/dev.127.13.2785},
	note = {Citation Key: huynhRoleBicDEgl2000}
}

@article{huynhOriginAsymmetryEarly2004,
	title = {The Origin of Asymmetry: Early Polarisation of the Drosophila Germline Cyst and Oocyte},
	author = {{Huynh}, {Jean-Ren√©} and {St Johnston}, {Daniel}},
	year = {2004},
	month = {06},
	date = {2004-06-08},
	journal = {Current Biology},
	pages = {R438--R449},
	volume = {14},
	number = {11},
	doi = {10.1016/j.cub.2004.05.040},
	url = {http://www.ncbi.nlm.nih.gov/pubmed/15182695},
	note = {tex.ids= huynhOriginAsymmetryEarly2004a, huynhOriginAsymmetryEarly2004b, huynhOriginAsymmetryEarly2004c, huynhOriginAsymmetryEarly2004d
PMID: 15182695
Citation Key: huynhOriginAsymmetryEarly2004}
}

@article{theurkauf1993,
	title = {A central role for microtubules in the differentiation of Drosophila oocytes.},
	author = {{Theurkauf}, {W E} and {Alberts}, {B M} and {Jan}, {Y N} and {Jongens}, {T A}},
	year = {1993},
	month = {08},
	date = {1993-08-01},
	journal = {Development (Cambridge, England)},
	pages = {1169--80},
	volume = {118},
	number = {4},
	url = {http://www.ncbi.nlm.nih.gov/pubmed/8269846},
	note = {tex.ids= theurkaufCentralRoleMicrotubules1993a, theurkaufCentralRoleMicrotubules1993b
PMID: 8269846
publisher: The Company of Biologists Ltd
Citation Key: theurkaufCentralRoleMicrotubules1993}
}

@article{bastock2008drosophila,
	title = {Drosophila oogenesis},
	author = {{Bastock}, {Rebecca} and {St Johnston}, {Daniel}},
	year = {2008},
	date = {2008},
	journal = {Current Biology},
	pages = {R1082{\textendash}R1087},
	volume = {18},
	number = {23},
	note = {Citation Key: bastock2008drosophila
Publisher: Elsevier}
}

@article{Xie2000bb,
	title = {A Niche Maintaining Germ Line Stem Cells in the Drosophila Ovary},
	author = {{Xie}, {Ting} and {Spradling}, {Allan C}},
	year = {2000},
	month = {10},
	date = {2000-10-13},
	journal = {Science},
	pages = {328--330},
	volume = {290},
	number = {5490},
	doi = {10.1126/science.290.5490.328},
	url = {http://science.sciencemag.org/content/290/5490/328.abstract},
	note = {Citation Key: Xie2000b
tex.ids= Xie2000
ISBN: 0036-8075 (Print)\n0036-8075 (Linking)
PMID: 11030649}
}

@article{forbesHedgehogRequiredProliferation1996,
	title = {hedgehog is required for the proliferation and specification of ovarian somatic cells prior to egg chamber formation in Drosophila},
	author = {{Forbes}, {A. J.} and {Lin}, {H.} and {Ingham}, {P. W.} and {Spradling}, {A. C.}},
	year = {1996},
	month = {04},
	date = {1996-04},
	journal = {Development (Cambridge, England)},
	pages = {1125--1135},
	volume = {122},
	number = {4},
	note = {tex.ids= forbesHedgehogRequiredProliferation1996a
PMID: 8620839
Citation Key: forbesHedgehogRequiredProliferation1996},
	langid = {eng}
}

@article{bastock2008drosophilaa,
	title = {Drosophila oogenesis},
	author = {{Bastock}, {Rebecca} and {St Johnston}, {Daniel}},
	year = {2008},
	date = {2008},
	journal = {Current Biology},
	pages = {R1082{\textendash}R1087},
	volume = {18},
	number = {23},
	note = {Citation Key: bastock2008drosophila
Publisher: Elsevier}
}

@article{forbesHedgehogRequiredProliferation1996a,
	title = {hedgehog is required for the proliferation and specification of ovarian somatic cells prior to egg chamber formation in Drosophila},
	author = {{Forbes}, {A. J.} and {Lin}, {H.} and {Ingham}, {P. W.} and {Spradling}, {A. C.}},
	year = {1996},
	month = {04},
	date = {1996-04},
	journal = {Development (Cambridge, England)},
	pages = {1125--1135},
	volume = {122},
	number = {4},
	note = {tex.ids= forbesHedgehogRequiredProliferation1996a
PMID: 8620839
Citation Key: forbesHedgehogRequiredProliferation1996},
	langid = {eng}
}
